<record><leader>00000cas a2200000 a 4500</leader><controlfield tag="001">15270625</controlfield><controlfield tag="008">870304d18821968tnuwr ne      0    0eng d</controlfield><datafield ind1=" " ind2=" " tag="010"><subfield code="a">sn 86090989 </subfield></datafield><datafield ind1=" " ind2=" " tag="040"><subfield code="a">PPM</subfield><subfield code="b">eng</subfield><subfield code="c">PPM</subfield><subfield code="d">KNP</subfield><subfield code="d">TGN</subfield><subfield code="d">OCL</subfield><subfield code="d">TGN</subfield><subfield code="d">OCLCQ</subfield><subfield code="d">OCLCF</subfield><subfield code="d">OCLCO</subfield></datafield><datafield ind1=" " ind2=" " tag="042"><subfield code="a">msc</subfield></datafield><datafield ind1=" " ind2=" " tag="043"><subfield code="a">n-us-tn</subfield></datafield><datafield ind1="0" ind2="4" tag="245"><subfield code="a">The Maury democrat.</subfield></datafield><datafield ind1="1" ind2="3" tag="246"><subfield code="a">Democrat</subfield></datafield><datafield ind1="1" ind2="3" tag="246"><subfield code="a">Maury democrat, the Columbia journal</subfield><subfield code="f">&lt;1906&gt;-1946</subfield></datafield><datafield ind1=" " ind2=" " tag="260"><subfield code="a">Columbia, Tenn. :</subfield><subfield code="b">Peoples Pub. Co.</subfield></datafield><datafield ind1=" " ind2=" " tag="300"><subfield code="a">v. :</subfield><subfield code="b">ill.</subfield></datafield><datafield ind1=" " ind2=" " tag="310"><subfield code="a">Weekly,</subfield><subfield code="b">Mar. 5, 1948-Aug. 2, 1968</subfield></datafield><datafield ind1=" " ind2=" " tag="321"><subfield code="a">Weekly,</subfield><subfield code="b">1882-Nov. 13, 1941</subfield></datafield><datafield ind1=" " ind2=" " tag="321"><subfield code="a">Semiweekly,</subfield><subfield code="b">Nov. 19, 1941-Nov. 27, 1942</subfield></datafield><datafield ind1=" " ind2=" " tag="321"><subfield code="a">Triweekly,</subfield><subfield code="b">Nov. 29, 1942-June 27, 1943</subfield></datafield><datafield ind1=" " ind2=" " tag="321"><subfield code="a">Daily (except Mon.),</subfield><subfield code="b">June 29, 1943-Apr. 9, 1944</subfield></datafield><datafield ind1=" " ind2=" " tag="321"><subfield code="a">Semiweekly,</subfield><subfield code="b">Apr. 12, 1944-Oct. 26, 1945</subfield></datafield><datafield ind1=" " ind2=" " tag="321"><subfield code="a">Triweekly,</subfield><subfield code="b">Oct. 28, 1945-Feb. 27, 1948</subfield></datafield><datafield ind1="1" ind2=" " tag="362"><subfield code="a">Began in 1882; ceased in 1968.</subfield></datafield><datafield ind1=" " ind2=" " tag="500"><subfield code="a">Publishers: Peoples Pub. Co., &lt;1886-1887&gt;; Lynch &amp; E.C. Perry, &lt;1888&gt;-1920; Maury Democrat Co., 1920-1968.</subfield></datafield><datafield ind1=" " ind2=" " tag="500"><subfield code="a">Editors: Lynch Perry, &lt;1888-1894&gt;; Lynch &amp; E.C. Perry, &lt;1894&gt;-1920; Ashley B. Sowell, 1920-&lt;1939&gt;; W.G. Hardin, &lt;1942&gt;-1945; William F. Forbes, 1945; Leon P. Glass, 1945-&lt;1946&gt;; Louis J. Finney, &lt;1949-1952&gt;; W. Bryant Williams, &lt;1956&gt;-1959; Charles S. Rooks, 1959-&lt;1966&gt;</subfield></datafield><datafield ind1=" " ind2=" " tag="588"><subfield code="a">Description based on: Vol. 4, no. 45 (May 20, 1886).</subfield></datafield><datafield ind1=" " ind2="0" tag="651"><subfield code="a">Columbia (Tenn.)</subfield><subfield code="v">Newspapers.</subfield></datafield><datafield ind1=" " ind2="0" tag="651"><subfield code="a">Maury County (Tenn.)</subfield><subfield code="v">Newspapers.</subfield></datafield><datafield ind1=" " ind2="7" tag="655"><subfield code="a">Newspapers.</subfield><subfield code="2">fast</subfield><subfield code="0">(OCoLC)fst01423814</subfield></datafield><datafield ind1=" " ind2="7" tag="651"><subfield code="a">Tennessee</subfield><subfield code="z">Columbia.</subfield><subfield code="2">fast</subfield><subfield code="0">(OCoLC)fst01226750</subfield></datafield><datafield ind1=" " ind2="7" tag="651"><subfield code="a">Tennessee</subfield><subfield code="z">Maury County.</subfield><subfield code="2">fast</subfield><subfield code="0">(OCoLC)fst01211410</subfield></datafield><datafield ind1=" " ind2=" " tag="752"><subfield code="a">United States</subfield><subfield code="b">Tennessee</subfield><subfield code="c">Maury</subfield><subfield code="d">Columbia.</subfield></datafield><datafield ind1="0" ind2="5" tag="780"><subfield code="t">Columbia journal (Columbia, Tenn. : 1899)</subfield><subfield code="w">(DLC)sn 87090023</subfield><subfield code="g">190u</subfield></datafield></record>